<record><leader>00000cas a22000007a 4500</leader><controlfield tag="001">12298790</controlfield><controlfield tag="008">850724d18661918mouwr ne      0    0eng d</controlfield><datafield ind1=" " ind2=" " tag="010"><subfield code="a">sn 85033871 </subfield></datafield><datafield ind1=" " ind2=" " tag="040"><subfield code="a">NPU</subfield><subfield code="b">eng</subfield><subfield code="c">NPU</subfield><subfield code="d">NPT</subfield><subfield code="d">NPX</subfield><subfield code="d">MQN</subfield><subfield code="d">OCLCQ</subfield><subfield code="d">DLC</subfield></datafield><datafield ind1=" " ind2=" " tag="042"><subfield code="a">msc</subfield></datafield><datafield ind1="0" ind2="4" tag="245"><subfield code="a">The Bates County record.</subfield></datafield><datafield ind1=" " ind2=" " tag="260"><subfield code="a">Butler, Mo. :</subfield><subfield code="b">O.D. Austin,</subfield><subfield code="c">-1918.</subfield></datafield><datafield ind1=" " ind2=" " tag="300"><subfield code="a">v. ;</subfield><subfield code="c">64 cm.</subfield></datafield><datafield ind1=" " ind2=" " tag="310"><subfield code="a">Weekly</subfield></datafield><datafield ind1="1" ind2=" " tag="362"><subfield code="a">Began with July 9, 1866 issue.</subfield><subfield code="z">Cf. NIM.</subfield></datafield><datafield ind1="0" ind2=" " tag="362"><subfield code="a">-v. 52, no. 52 (Apr. 26, 1918).</subfield></datafield><datafield ind1=" " ind2=" " tag="588"><subfield code="a">Description based on: Vol. 3, no. 1 (July 4, 1868).</subfield></datafield><datafield ind1=" " ind2=" " tag="752"><subfield code="a">United States</subfield><subfield code="b">Missouri</subfield><subfield code="c">Bates</subfield><subfield code="d">Butler.</subfield></datafield><datafield ind1="0" ind2="7" tag="785"><subfield code="t">Butler weekly times</subfield><subfield code="x">2378-5004</subfield><subfield code="w">(DLC)sn 89066489</subfield><subfield code="w">(OCoLC)19610005</subfield></datafield><datafield ind1="0" ind2="7" tag="785"><subfield code="t">Butler weekly times and the Bates County record</subfield><subfield code="x">2378-4989</subfield><subfield code="w">(DLC)sn 86063289</subfield><subfield code="w">(OCoLC)13433274</subfield></datafield></record>